% referencias

% https://www.abc.es/tecnologia/abci-activada-nuevo-firma-digital-tras-alerta-fallos-seguridad-201712011500_noticia.html
@misc{d1,
  title       = {Activada de nuevo la firma digital de los DNI tras alerta de fallos de seguridad},
  subtitle    = {Periódico digital ABC},
  year        = {Dic. 1, 2017}, % formato: Feb. 7,2018
  url         = {https://www.abc.es/tecnologia/abci-activada-nuevo-firma-digital-tras-alerta-fallos-seguridad-201712011500_noticia.html},
  urldate     = {2019-05-28}, % formato: 2018-05-05
}


% https://elpais.com/politica/2017/11/09/actualidad/1510217634_470836.html
@misc{d2,
	title       = {La policía desactiva la firma digital del DNI por fallos de seguridad},
	subtitle    = {Periódico digital El País},
	year        = {Nov. 9, 2017}, % formato: Feb. 7,2018
	url         = {https://elpais.com/politica/2017/11/09/actualidad/1510217634_470836.html},
	urldate     = {2019-05-28}, % formato: 2018-05-05
}

% https://www.ideal.es/sociedad/problema-dni-electronico-afecta-espanoles-20180314093937-nt.html
@misc{d3,
	title       = {El problema con el DNI electrónico que afecta a todos los españoles: Es una complicación simple, pero importante},
	subtitle    = {Periódico digital IDEAL},
	year        = {Mar. 14, 2018}, % formato: Feb. 7,2018
	url         = {https://www.ideal.es/sociedad/problema-dni-electronico-afecta-espanoles-20180314093937-nt.html},
	urldate     = {2019-05-28}, % formato: 2018-05-05
}

% https://juncotic.com/x509-certificados-digitales-der-crt-cer/
@misc{d4,
	title       = {X509: Certificados digitales y codificaciones DER, CRT y CER},
	subtitle    = {Junco TIC},
	year        = {Feb. 2, 2018}, % formato: Feb. 7,2018
	url         = {https://juncotic.com/x509-certificados-digitales-der-crt-cer/},
	urldate     = {2019-05-28}, % formato: 2018-05-05
}

% https://www.dnielectronico.es/PortalDNIe/
@misc{d5,
	title       = {DNI electrónico},
	subtitle    = {Cuerpo Naciona del Policía},
	year        = {}, % formato: Feb. 7,2018
	url         = {https://www.dnielectronico.es/PortalDNIe/},
	urldate     = {2019-05-28}, % formato: 2018-05-05
}

% https://blog.signaturit.com/es/firma-electronica-versus-firma-digital-que-se-diferencian
@misc{d6,
	title       = {Firma electrónica versus firma digital: ¿en qué se diferencian?},
	subtitle    = {Cuerpo Naciona del Policía},
	year        = {Jun. 26, 2018}, % formato: Feb. 7,2018
	url         = {https://blog.signaturit.com/es/firma-electronica-versus-firma-digital-que-se-diferencian},
	urldate     = {2019-05-28}, % formato: 2018-05-05
}

% https://firmaelectronica.gob.es/Home/Ciudadanos/Certificados-Electronicos.html
@misc{d7,
	title       = {Los Certificados Electrónicos},
	subtitle    = {Portal Administración Electrónica},
	year        = {}, % formato: Feb. 7,2018
	url         = {https://firmaelectronica.gob.es/Home/Ciudadanos/Certificados-Electronicos.html},
	urldate     = {2019-05-28}, % formato: 2018-05-05
}

% http://www.upv.es/contenidos/CD/info/711250normalc.html
@misc{d8,
	title       = {¿Qué es una Firma Electrónica?},
	subtitle    = {Universidad Politécnica de Valencia},
	year        = {}, % formato: Feb. 7,2018
	url         = {http://www.upv.es/contenidos/CD/info/711250normalc.html},
	urldate     = {2019-05-28}, % formato: 2018-05-05
}

%https://es.wikipedia.org/wiki/Certificado_digital
@misc{d9,
	title       = {Certificado digital},
	subtitle    = {Wikipedia},
	year        = {}, % formato: Feb. 7,2018
	url         = {https://es.wikipedia.org/wiki/Certificado_digital},
	urldate     = {2019-05-28}, % formato: 2018-05-05
}

% https://www.dnielectronico.es/PDFs/Politicas_de_certificacion_v2.5.pdf
@misc{d10,
	title       = {Infraestructura de clave pública: DNI electrónico y firma centralizada},
	subtitle    = {Dirección General de la Policía},
	year        = {}, % formato: Feb. 7,2018
	url         = {https://www.dnielectronico.es/PDFs/Politicas_de_certificacion_v2.5.pdf},
	urldate     = {2019-05-28}, % formato: 2018-05-05
}

% https://firmaelectronica.gob.es/Home/Ciudadanos/DNI-Electronico.html
@misc{d11,
	title       = {DNI electrónico},
	subtitle    = {Portal Administración Electrónica},
	year        = {}, % formato: Feb. 7,2018
	url         = {https://firmaelectronica.gob.es/Home/Ciudadanos/DNI-Electronico.html},
	urldate     = {2019-05-28}, % formato: 2018-05-05
}

% https://www.adminfacil.es/dni-electronico-vs-certificado-digital/
@misc{d12,
	title       = {DNI electrónico VS Certificado digital: Usos y diferencias},
	subtitle    = {Admin fácil},
	year        = {}, % formato: Feb. 7,2018
	url         = {https://www.adminfacil.es/dni-electronico-vs-certificado-digital/},
	urldate     = {2019-05-28}, % formato: 2018-05-05
}

%  https://www.xataka.com/seguridad/la-seguridad-del-dni-electronico-comprometida-a-quien-afecta-por-que-y-como-solucionarlo
@misc{d13,
	title       = {La seguridad del DNI electrónico, comprometida: a quién afecta, por qué y cómo solucionarlo},
	subtitle    = {Xataka},
	year        = {Nov. 9, 2017}, % formato: Feb. 7,2018
	url         = {https://www.xataka.com/seguridad/la-seguridad-del-dni-electronico-comprometida-a-quien-afecta-por-que-y-como-solucionarlo},
	urldate     = {2019-05-28}, % formato: 2018-05-05
}

@misc{d14,
	title       = {Apuntes de la asignatura de Criptografía para el curso 2016/2017},
	subtitle    = {Jesús Miranda},
	year        = {}, % formato: Feb. 7,2018
	url         = {},
	urldate     = {en 2016}, % formato: 2018-05-05
}

